<?xml version="1.0" encoding="UTF-8"?><collection xmlns="http://www.loc.gov/MARC21/slim"><record><leader>00451nam--2200169-i-4500</leader><controlfield tag="001">000036423</controlfield><controlfield tag="002">20161230</controlfield><controlfield tag="005">20161230201040</controlfield><controlfield tag="008">060222s1000------------r-----000-0-eng-d</controlfield><datafield ind1=" " ind2=" " tag="040"><subfield code="a">IFIN-HH</subfield></datafield><datafield ind1=" " ind2=" " tag="080"><subfield code="a">53</subfield></datafield><datafield ind1="1" ind2=" " tag="100"><subfield code="a">Postl, Anton</subfield><subfield code="c">Anton Postl</subfield></datafield><datafield ind1="1" ind2="0" tag="245"><subfield code="a">Laboratory experiments in the physical sciences</subfield></datafield><datafield ind1=" " ind2=" " tag="260"><subfield code="a">Minnesota</subfield><subfield code="b">Burgess Publ. Co</subfield><subfield code="c">1962</subfield></datafield><datafield ind1=" " ind2=" " tag="300"><subfield code="a">VI + 97P. + 1 HARTA</subfield></datafield><datafield ind1=" " ind2=" " tag="852"><subfield code="a">17989</subfield><subfield code="c">53.08</subfield></datafield><datafield ind1=" " ind2=" " tag="CAT"><subfield code="a">Sys</subfield><subfield code="c">20151027</subfield><subfield code="h">150501</subfield></datafield></record></collection>